%% LaTeX2e file `main.bib'
%% generated by the `filecontents' environment
%% from source `main' on 2024/04/23.
%%
    @article{einstein,
        author = {Albert Einstein},
        title = {the true about tree},
        journaltitle = {Annalen der Physik},
        year = {1905},
        volume = {322},
        number = {10},
        pages = {891--921}
    }
