@article{serrin71,
    author    = {James Serrin},
    title     = {A Symmetry Problem in Potential Theory},
    journal   = {Archive for Rational Mechanics and Analysis},
   year      = {1971}
}
@article{weinberger71,
    author    = {Hans Weinberger},
    title     = {Remark on the Preceding Paper of Serrin},
    journal   = {Archive for Rational Mechanics and Analysis},
   year      = {1971}
}
