@article{serrin71,
  author = {James Serrin},
  title = {A Symmetry Problem in Potential Theory},
  journal = {Arch. Rational Mech. Anal.},
  year = 1971,
  volume = {43},
  pages = {304-318},
}

@article{weinberger71,
  author = {Hans Weingberger},
  title = {Remark on the Preceding Paper of Serrin},
  journal = {Arch. Rational Mech. Anal.},
  year = 1971,
  volume = {43},
  pages = {319-320},
}

@book{weinberger84,
  title     = "Maximum Principles in Differential Equations",
  author    = "Hans Weinberger",
  year      = 1984,
}